@article{picard2011common,
  title={Common musk turtles (Sternotherus odoratus) select habitats of high thermal quality at the northern extreme of their range},
  author={Picard, Gabriel and Carri{\`e}re, Marie-Andr{\'e}e and Blouin-Demers, Gabriel},
  journal={Amphibia-Reptilia},
  volume={32},
  number={1},
  pages={83--92},
  year={2011},
  publisher={Brill}
}
@misc{TheAquariumGuide,
  title = {Musk Turtle Care Guide},
  howpublished = {\url{https://theaquariumguide.com/articles/musk-turtle#Water_pH_Level}},
  publisher = {The Aquarium Guide},
}

@techreport{ISO25010,
  title = {Systems and software Quality Requirements},
  institution = {International Organization for Standardization},
  year = {2011}, 
  type = {Standard},
  number = {ISO/IEC 25010:2011},  
  address = {Geneva, Switzerland},
}
