@online{baruchel2013tailrecursion,
  title={Does Python optimize tail recursion?},
  author={Baruchel, Thomas},
  year={2013},
  month={8},
  day={29},
  url={https://stackoverflow.com/a/18506625},
  note={StackOverflow: TCO}
}

@misc{ enwiki:1179789531,
    author = "{Wikipedia contributors}",
    title = "Fixed-point combinator --- {Wikipedia}{,} The Free Encyclopedia",
    year = "2023",
    url = "https://en.wikipedia.org/w/index.php?title=Fixed-point_combinator&oldid=1179789531",
    note = "[Online; accessed 24-October-2023]"
  }

 @misc{ enwiki:1178996948,
    author = "{Wikipedia contributors}",
    title = "Tail call --- {Wikipedia}{,} The Free Encyclopedia",
    year = "2023",
    url = "https://en.wikipedia.org/w/index.php?title=Tail_call&oldid=1178996948",
    note = "[Online; accessed 24-October-2023]"
  }

    @misc{ enwiki:1171248602,
    author = "{Wikipedia contributors}",
    title = "Algebraic data type --- {Wikipedia}{,} The Free Encyclopedia",
    year = "2023",
    url = "https://en.wikipedia.org/w/index.php?title=Algebraic_data_type&oldid=1171248602",
    note = "[Online; accessed 24-October-2023]"
  }